%YAML 1.1
%TAG !u! tag:unity3d.com,2011:
--- !u!1001 &100100000
Prefab:
  m_ObjectHideFlags: 1
  serializedVersion: 2
  m_Modification:
    m_TransformParent: {fileID: 0}
    m_Modifications: []
    m_RemovedComponents: []
  m_ParentPrefab: {fileID: 0}
  m_RootGameObject: {fileID: 1287528372570142}
  m_IsPrefabParent: 1
--- !u!1 &1022472500887046
GameObject:
  m_ObjectHideFlags: 1
  m_PrefabParentObject: {fileID: 0}
  m_PrefabInternal: {fileID: 100100000}
  serializedVersion: 5
  m_Component:
  - component: {fileID: 4423979548681440}
  m_Layer: 0
  m_Name: RigArmRight2
  m_TagString: Untagged
  m_Icon: {fileID: 0}
  m_NavMeshLayer: 0
  m_StaticEditorFlags: 0
  m_IsActive: 1
--- !u!1 &1041845778139128
GameObject:
  m_ObjectHideFlags: 1
  m_PrefabParentObject: {fileID: 0}
  m_PrefabInternal: {fileID: 100100000}
  serializedVersion: 5
  m_Component:
  - component: {fileID: 4501886366476490}
  m_Layer: 0
  m_Name: RigArmLeftFing21
  m_TagString: Untagged
  m_Icon: {fileID: 0}
  m_NavMeshLayer: 0
  m_StaticEditorFlags: 0
  m_IsActive: 1
--- !u!1 &1053531941673928
GameObject:
  m_ObjectHideFlags: 1
  m_PrefabParentObject: {fileID: 0}
  m_PrefabInternal: {fileID: 100100000}
  serializedVersion: 5
  m_Component:
  - component: {fileID: 4928916948865368}
  m_Layer: 0
  m_Name: RigArmLeftFing41
  m_TagString: Untagged
  m_Icon: {fileID: 0}
  m_NavMeshLayer: 0
  m_StaticEditorFlags: 0
  m_IsActive: 1
--- !u!1 &1060797403413570
GameObject:
  m_ObjectHideFlags: 1
  m_PrefabParentObject: {fileID: 0}
  m_PrefabInternal: {fileID: 100100000}
  serializedVersion: 5
  m_Component:
  - component: {fileID: 4046774858025350}
  m_Layer: 0
  m_Name: RigLegRight1
  m_TagString: Untagged
  m_Icon: {fileID: 0}
  m_NavMeshLayer: 0
  m_StaticEditorFlags: 0
  m_IsActive: 1
--- !u!1 &1079822465923398
GameObject:
  m_ObjectHideFlags: 1
  m_PrefabParentObject: {fileID: 0}
  m_PrefabInternal: {fileID: 100100000}
  serializedVersion: 5
  m_Component:
  - component: {fileID: 4122961034600640}
  m_Layer: 0
  m_Name: RigNeck
  m_TagString: Untagged
  m_Icon: {fileID: 0}
  m_NavMeshLayer: 0
  m_StaticEditorFlags: 0
  m_IsActive: 1
--- !u!1 &1105069732440528
GameObject:
  m_ObjectHideFlags: 1
  m_PrefabParentObject: {fileID: 0}
  m_PrefabInternal: {fileID: 100100000}
  serializedVersion: 5
  m_Component:
  - component: {fileID: 4882314291736422}
  m_Layer: 0
  m_Name: RigArmRightFing32
  m_TagString: Untagged
  m_Icon: {fileID: 0}
  m_NavMeshLayer: 0
  m_StaticEditorFlags: 0
  m_IsActive: 1
--- !u!1 &1112172942589876
GameObject:
  m_ObjectHideFlags: 1
  m_PrefabParentObject: {fileID: 0}
  m_PrefabInternal: {fileID: 100100000}
  serializedVersion: 5
  m_Component:
  - component: {fileID: 4341296697882856}
  m_Layer: 0
  m_Name: RigArmLeftFing11
  m_TagString: Untagged
  m_Icon: {fileID: 0}
  m_NavMeshLayer: 0
  m_StaticEditorFlags: 0
  m_IsActive: 1
--- !u!1 &1134551287414934
GameObject:
  m_ObjectHideFlags: 1
  m_PrefabParentObject: {fileID: 0}
  m_PrefabInternal: {fileID: 100100000}
  serializedVersion: 5
  m_Component:
  - component: {fileID: 4344067350128906}
  m_Layer: 0
  m_Name: StartPosition
  m_TagString: Untagged
  m_Icon: {fileID: 0}
  m_NavMeshLayer: 0
  m_StaticEditorFlags: 0
  m_IsActive: 1
--- !u!1 &1187997062165832
GameObject:
  m_ObjectHideFlags: 1
  m_PrefabParentObject: {fileID: 0}
  m_PrefabInternal: {fileID: 100100000}
  serializedVersion: 5
  m_Component:
  - component: {fileID: 4324520400603534}
  m_Layer: 0
  m_Name: RigArmLeft3
  m_TagString: Untagged
  m_Icon: {fileID: 0}
  m_NavMeshLayer: 0
  m_StaticEditorFlags: 0
  m_IsActive: 1
--- !u!1 &1207141847380270
GameObject:
  m_ObjectHideFlags: 1
  m_PrefabParentObject: {fileID: 0}
  m_PrefabInternal: {fileID: 100100000}
  serializedVersion: 5
  m_Component:
  - component: {fileID: 4847542813738756}
  m_Layer: 0
  m_Name: RigArmLeftFing42
  m_TagString: Untagged
  m_Icon: {fileID: 0}
  m_NavMeshLayer: 0
  m_StaticEditorFlags: 0
  m_IsActive: 1
--- !u!1 &1244703511513024
GameObject:
  m_ObjectHideFlags: 1
  m_PrefabParentObject: {fileID: 0}
  m_PrefabInternal: {fileID: 100100000}
  serializedVersion: 5
  m_Component:
  - component: {fileID: 4958304980763870}
  m_Layer: 0
  m_Name: RigArmLeftFing43
  m_TagString: Untagged
  m_Icon: {fileID: 0}
  m_NavMeshLayer: 0
  m_StaticEditorFlags: 0
  m_IsActive: 1
--- !u!1 &1248888329539544
GameObject:
  m_ObjectHideFlags: 1
  m_PrefabParentObject: {fileID: 0}
  m_PrefabInternal: {fileID: 100100000}
  serializedVersion: 5
  m_Component:
  - component: {fileID: 4465780891032010}
  m_Layer: 0
  m_Name: RigArmRightFing13
  m_TagString: Untagged
  m_Icon: {fileID: 0}
  m_NavMeshLayer: 0
  m_StaticEditorFlags: 0
  m_IsActive: 1
--- !u!1 &1287528372570142
GameObject:
  m_ObjectHideFlags: 0
  m_PrefabParentObject: {fileID: 0}
  m_PrefabInternal: {fileID: 100100000}
  serializedVersion: 5
  m_Component:
  - component: {fileID: 4327029610207042}
  - component: {fileID: 136719899363494198}
  - component: {fileID: 114518584879651032}
  m_Layer: 0
  m_Name: PlayerScout
  m_TagString: Untagged
  m_Icon: {fileID: 0}
  m_NavMeshLayer: 0
  m_StaticEditorFlags: 0
  m_IsActive: 1
--- !u!1 &1322852545479516
GameObject:
  m_ObjectHideFlags: 1
  m_PrefabParentObject: {fileID: 0}
  m_PrefabInternal: {fileID: 100100000}
  serializedVersion: 5
  m_Component:
  - component: {fileID: 4360962115219916}
  - component: {fileID: 114024860189328084}
  - component: {fileID: 120087677063218326}
  m_Layer: 0
  m_Name: CenterBeam
  m_TagString: Untagged
  m_Icon: {fileID: 0}
  m_NavMeshLayer: 0
  m_StaticEditorFlags: 0
  m_IsActive: 1
--- !u!1 &1355484497904646
GameObject:
  m_ObjectHideFlags: 1
  m_PrefabParentObject: {fileID: 0}
  m_PrefabInternal: {fileID: 100100000}
  serializedVersion: 5
  m_Component:
  - component: {fileID: 4894850042623640}
  m_Layer: 0
  m_Name: RigArmRightFing42
  m_TagString: Untagged
  m_Icon: {fileID: 0}
  m_NavMeshLayer: 0
  m_StaticEditorFlags: 0
  m_IsActive: 1
--- !u!1 &1364761535394672
GameObject:
  m_ObjectHideFlags: 1
  m_PrefabParentObject: {fileID: 0}
  m_PrefabInternal: {fileID: 100100000}
  serializedVersion: 5
  m_Component:
  - component: {fileID: 4739189061696376}
  m_Layer: 0
  m_Name: RigArmRightCollarbone
  m_TagString: Untagged
  m_Icon: {fileID: 0}
  m_NavMeshLayer: 0
  m_StaticEditorFlags: 0
  m_IsActive: 1
--- !u!1 &1378173309672084
GameObject:
  m_ObjectHideFlags: 1
  m_PrefabParentObject: {fileID: 0}
  m_PrefabInternal: {fileID: 100100000}
  serializedVersion: 5
  m_Component:
  - component: {fileID: 4386257852433672}
  m_Layer: 0
  m_Name: RigArmLeft2
  m_TagString: Untagged
  m_Icon: {fileID: 0}
  m_NavMeshLayer: 0
  m_StaticEditorFlags: 0
  m_IsActive: 1
--- !u!1 &1386717954804008
GameObject:
  m_ObjectHideFlags: 0
  m_PrefabParentObject: {fileID: 0}
  m_PrefabInternal: {fileID: 100100000}
  serializedVersion: 5
  m_Component:
  - component: {fileID: 4671497309409182}
  - component: {fileID: 95740435939128192}
  m_Layer: 0
  m_Name: GFX
  m_TagString: Untagged
  m_Icon: {fileID: 0}
  m_NavMeshLayer: 0
  m_StaticEditorFlags: 0
  m_IsActive: 1
--- !u!1 &1400269032272416
GameObject:
  m_ObjectHideFlags: 1
  m_PrefabParentObject: {fileID: 0}
  m_PrefabInternal: {fileID: 100100000}
  serializedVersion: 5
  m_Component:
  - component: {fileID: 4631230422111550}
  m_Layer: 0
  m_Name: RigLegLeft3
  m_TagString: Untagged
  m_Icon: {fileID: 0}
  m_NavMeshLayer: 0
  m_StaticEditorFlags: 0
  m_IsActive: 1
--- !u!1 &1416193603306124
GameObject:
  m_ObjectHideFlags: 1
  m_PrefabParentObject: {fileID: 0}
  m_PrefabInternal: {fileID: 100100000}
  serializedVersion: 5
  m_Component:
  - component: {fileID: 4751247803983884}
  m_Layer: 0
  m_Name: RigArmLeftFing22
  m_TagString: Untagged
  m_Icon: {fileID: 0}
  m_NavMeshLayer: 0
  m_StaticEditorFlags: 0
  m_IsActive: 1
--- !u!1 &1419635328186166
GameObject:
  m_ObjectHideFlags: 1
  m_PrefabParentObject: {fileID: 0}
  m_PrefabInternal: {fileID: 100100000}
  serializedVersion: 5
  m_Component:
  - component: {fileID: 4947524889246720}
  m_Layer: 0
  m_Name: EndPosition
  m_TagString: Untagged
  m_Icon: {fileID: 0}
  m_NavMeshLayer: 0
  m_StaticEditorFlags: 0
  m_IsActive: 1
--- !u!1 &1436397885851894
GameObject:
  m_ObjectHideFlags: 1
  m_PrefabParentObject: {fileID: 0}
  m_PrefabInternal: {fileID: 100100000}
  serializedVersion: 5
  m_Component:
  - component: {fileID: 4931217569339578}
  m_Layer: 0
  m_Name: RigArmRightFing41
  m_TagString: Untagged
  m_Icon: {fileID: 0}
  m_NavMeshLayer: 0
  m_StaticEditorFlags: 0
  m_IsActive: 1
--- !u!1 &1439398083757208
GameObject:
  m_ObjectHideFlags: 1
  m_PrefabParentObject: {fileID: 0}
  m_PrefabInternal: {fileID: 100100000}
  serializedVersion: 5
  m_Component:
  - component: {fileID: 4695339621372402}
  m_Layer: 0
  m_Name: RigArmLeftCollarbone
  m_TagString: Untagged
  m_Icon: {fileID: 0}
  m_NavMeshLayer: 0
  m_StaticEditorFlags: 0
  m_IsActive: 1
--- !u!1 &1439932100828990
GameObject:
  m_ObjectHideFlags: 1
  m_PrefabParentObject: {fileID: 0}
  m_PrefabInternal: {fileID: 100100000}
  serializedVersion: 5
  m_Component:
  - component: {fileID: 4245308938661480}
  m_Layer: 0
  m_Name: RigArmRight3
  m_TagString: Untagged
  m_Icon: {fileID: 0}
  m_NavMeshLayer: 0
  m_StaticEditorFlags: 0
  m_IsActive: 1
--- !u!1 &1441982276477598
GameObject:
  m_ObjectHideFlags: 1
  m_PrefabParentObject: {fileID: 0}
  m_PrefabInternal: {fileID: 100100000}
  serializedVersion: 5
  m_Component:
  - component: {fileID: 4938252103439236}
  m_Layer: 0
  m_Name: RigHead
  m_TagString: Untagged
  m_Icon: {fileID: 0}
  m_NavMeshLayer: 0
  m_StaticEditorFlags: 0
  m_IsActive: 1
--- !u!1 &1451862416537902
GameObject:
  m_ObjectHideFlags: 1
  m_PrefabParentObject: {fileID: 0}
  m_PrefabInternal: {fileID: 100100000}
  serializedVersion: 5
  m_Component:
  - component: {fileID: 4022802666970076}
  m_Layer: 0
  m_Name: RigSpine3
  m_TagString: Untagged
  m_Icon: {fileID: 0}
  m_NavMeshLayer: 0
  m_StaticEditorFlags: 0
  m_IsActive: 1
--- !u!1 &1477384943261714
GameObject:
  m_ObjectHideFlags: 1
  m_PrefabParentObject: {fileID: 0}
  m_PrefabInternal: {fileID: 100100000}
  serializedVersion: 5
  m_Component:
  - component: {fileID: 4303300623951754}
  m_Layer: 0
  m_Name: RigLegRight3
  m_TagString: Untagged
  m_Icon: {fileID: 0}
  m_NavMeshLayer: 0
  m_StaticEditorFlags: 0
  m_IsActive: 1
--- !u!1 &1526671862562606
GameObject:
  m_ObjectHideFlags: 1
  m_PrefabParentObject: {fileID: 0}
  m_PrefabInternal: {fileID: 100100000}
  serializedVersion: 5
  m_Component:
  - component: {fileID: 4288918220577132}
  - component: {fileID: 137092185469243460}
  m_Layer: 0
  m_Name: Soldier
  m_TagString: Untagged
  m_Icon: {fileID: 0}
  m_NavMeshLayer: 0
  m_StaticEditorFlags: 0
  m_IsActive: 1
--- !u!1 &1529599693610984
GameObject:
  m_ObjectHideFlags: 1
  m_PrefabParentObject: {fileID: 0}
  m_PrefabInternal: {fileID: 100100000}
  serializedVersion: 5
  m_Component:
  - component: {fileID: 4948079500550672}
  m_Layer: 0
  m_Name: RigArmLeftFing31
  m_TagString: Untagged
  m_Icon: {fileID: 0}
  m_NavMeshLayer: 0
  m_StaticEditorFlags: 0
  m_IsActive: 1
--- !u!1 &1532156735646374
GameObject:
  m_ObjectHideFlags: 1
  m_PrefabParentObject: {fileID: 0}
  m_PrefabInternal: {fileID: 100100000}
  serializedVersion: 5
  m_Component:
  - component: {fileID: 4458889082254498}
  m_Layer: 0
  m_Name: RigArmLeft1
  m_TagString: Untagged
  m_Icon: {fileID: 0}
  m_NavMeshLayer: 0
  m_StaticEditorFlags: 0
  m_IsActive: 1
--- !u!1 &1536749258927444
GameObject:
  m_ObjectHideFlags: 1
  m_PrefabParentObject: {fileID: 0}
  m_PrefabInternal: {fileID: 100100000}
  serializedVersion: 5
  m_Component:
  - component: {fileID: 4366333844855530}
  m_Layer: 0
  m_Name: EndPosition
  m_TagString: Untagged
  m_Icon: {fileID: 0}
  m_NavMeshLayer: 0
  m_StaticEditorFlags: 0
  m_IsActive: 1
--- !u!1 &1540779747190790
GameObject:
  m_ObjectHideFlags: 1
  m_PrefabParentObject: {fileID: 0}
  m_PrefabInternal: {fileID: 100100000}
  serializedVersion: 5
  m_Component:
  - component: {fileID: 4265046128278676}
  m_Layer: 0
  m_Name: RigArmRightFing33
  m_TagString: Untagged
  m_Icon: {fileID: 0}
  m_NavMeshLayer: 0
  m_StaticEditorFlags: 0
  m_IsActive: 1
--- !u!1 &1542190201890250
GameObject:
  m_ObjectHideFlags: 1
  m_PrefabParentObject: {fileID: 0}
  m_PrefabInternal: {fileID: 100100000}
  serializedVersion: 5
  m_Component:
  - component: {fileID: 4272956962201178}
  m_Layer: 0
  m_Name: RigLegLeft1
  m_TagString: Untagged
  m_Icon: {fileID: 0}
  m_NavMeshLayer: 0
  m_StaticEditorFlags: 0
  m_IsActive: 1
--- !u!1 &1543938641736218
GameObject:
  m_ObjectHideFlags: 1
  m_PrefabParentObject: {fileID: 0}
  m_PrefabInternal: {fileID: 100100000}
  serializedVersion: 5
  m_Component:
  - component: {fileID: 4548834781947086}
  m_Layer: 0
  m_Name: RigArmLeftFing32
  m_TagString: Untagged
  m_Icon: {fileID: 0}
  m_NavMeshLayer: 0
  m_StaticEditorFlags: 0
  m_IsActive: 1
--- !u!1 &1555533782238474
GameObject:
  m_ObjectHideFlags: 1
  m_PrefabParentObject: {fileID: 0}
  m_PrefabInternal: {fileID: 100100000}
  serializedVersion: 5
  m_Component:
  - component: {fileID: 4089379702084812}
  m_Layer: 0
  m_Name: RigSpine1
  m_TagString: Untagged
  m_Icon: {fileID: 0}
  m_NavMeshLayer: 0
  m_StaticEditorFlags: 0
  m_IsActive: 1
--- !u!1 &1563468931435914
GameObject:
  m_ObjectHideFlags: 1
  m_PrefabParentObject: {fileID: 0}
  m_PrefabInternal: {fileID: 100100000}
  serializedVersion: 5
  m_Component:
  - component: {fileID: 4774347552908604}
  m_Layer: 0
  m_Name: RigArmRightFing21
  m_TagString: Untagged
  m_Icon: {fileID: 0}
  m_NavMeshLayer: 0
  m_StaticEditorFlags: 0
  m_IsActive: 1
--- !u!1 &1566545774394920
GameObject:
  m_ObjectHideFlags: 1
  m_PrefabParentObject: {fileID: 0}
  m_PrefabInternal: {fileID: 100100000}
  serializedVersion: 5
  m_Component:
  - component: {fileID: 4554863684167774}
  m_Layer: 0
  m_Name: RigArmRightFing43
  m_TagString: Untagged
  m_Icon: {fileID: 0}
  m_NavMeshLayer: 0
  m_StaticEditorFlags: 0
  m_IsActive: 1
--- !u!1 &1606772407513738
GameObject:
  m_ObjectHideFlags: 1
  m_PrefabParentObject: {fileID: 0}
  m_PrefabInternal: {fileID: 100100000}
  serializedVersion: 5
  m_Component:
  - component: {fileID: 4442061733966918}
  m_Layer: 0
  m_Name: RigLegLeft2
  m_TagString: Untagged
  m_Icon: {fileID: 0}
  m_NavMeshLayer: 0
  m_StaticEditorFlags: 0
  m_IsActive: 1
--- !u!1 &1613041446514428
GameObject:
  m_ObjectHideFlags: 1
  m_PrefabParentObject: {fileID: 0}
  m_PrefabInternal: {fileID: 100100000}
  serializedVersion: 5
  m_Component:
  - component: {fileID: 4615582399496942}
  m_Layer: 0
  m_Name: RigLeftPistol
  m_TagString: Untagged
  m_Icon: {fileID: 0}
  m_NavMeshLayer: 0
  m_StaticEditorFlags: 0
  m_IsActive: 1
--- !u!1 &1627623137181554
GameObject:
  m_ObjectHideFlags: 1
  m_PrefabParentObject: {fileID: 0}
  m_PrefabInternal: {fileID: 100100000}
  serializedVersion: 5
  m_Component:
  - component: {fileID: 4858502084158152}
  m_Layer: 0
  m_Name: RigArmLeftFing23
  m_TagString: Untagged
  m_Icon: {fileID: 0}
  m_NavMeshLayer: 0
  m_StaticEditorFlags: 0
  m_IsActive: 1
--- !u!1 &1643285675538490
GameObject:
  m_ObjectHideFlags: 1
  m_PrefabParentObject: {fileID: 0}
  m_PrefabInternal: {fileID: 100100000}
  serializedVersion: 5
  m_Component:
  - component: {fileID: 4493744930272786}
  m_Layer: 0
  m_Name: RigAss
  m_TagString: Untagged
  m_Icon: {fileID: 0}
  m_NavMeshLayer: 0
  m_StaticEditorFlags: 0
  m_IsActive: 1
--- !u!1 &1644223674578502
GameObject:
  m_ObjectHideFlags: 1
  m_PrefabParentObject: {fileID: 0}
  m_PrefabInternal: {fileID: 100100000}
  serializedVersion: 5
  m_Component:
  - component: {fileID: 4285943187531280}
  m_Layer: 0
  m_Name: RigArmLeftFing33
  m_TagString: Untagged
  m_Icon: {fileID: 0}
  m_NavMeshLayer: 0
  m_StaticEditorFlags: 0
  m_IsActive: 1
--- !u!1 &1646142825038592
GameObject:
  m_ObjectHideFlags: 1
  m_PrefabParentObject: {fileID: 0}
  m_PrefabInternal: {fileID: 100100000}
  serializedVersion: 5
  m_Component:
  - component: {fileID: 4638270927465134}
  m_Layer: 0
  m_Name: RigPistolRight
  m_TagString: Untagged
  m_Icon: {fileID: 0}
  m_NavMeshLayer: 0
  m_StaticEditorFlags: 0
  m_IsActive: 1
--- !u!1 &1677308654824156
GameObject:
  m_ObjectHideFlags: 1
  m_PrefabParentObject: {fileID: 0}
  m_PrefabInternal: {fileID: 100100000}
  serializedVersion: 5
  m_Component:
  - component: {fileID: 4011711527931108}
  m_Layer: 0
  m_Name: StartPosition
  m_TagString: Untagged
  m_Icon: {fileID: 0}
  m_NavMeshLayer: 0
  m_StaticEditorFlags: 0
  m_IsActive: 1
--- !u!1 &1678371787613924
GameObject:
  m_ObjectHideFlags: 1
  m_PrefabParentObject: {fileID: 0}
  m_PrefabInternal: {fileID: 100100000}
  serializedVersion: 5
  m_Component:
  - component: {fileID: 4685837509989736}
  m_Layer: 0
  m_Name: RigArmRightFing31
  m_TagString: Untagged
  m_Icon: {fileID: 0}
  m_NavMeshLayer: 0
  m_StaticEditorFlags: 0
  m_IsActive: 1
--- !u!1 &1688755106822086
GameObject:
  m_ObjectHideFlags: 1
  m_PrefabParentObject: {fileID: 0}
  m_PrefabInternal: {fileID: 100100000}
  serializedVersion: 5
  m_Component:
  - component: {fileID: 4458153078855494}
  m_Layer: 0
  m_Name: RigLegRight2
  m_TagString: Untagged
  m_Icon: {fileID: 0}
  m_NavMeshLayer: 0
  m_StaticEditorFlags: 0
  m_IsActive: 1
--- !u!1 &1690907001900348
GameObject:
  m_ObjectHideFlags: 1
  m_PrefabParentObject: {fileID: 0}
  m_PrefabInternal: {fileID: 100100000}
  serializedVersion: 5
  m_Component:
  - component: {fileID: 4926811476500650}
  m_Layer: 0
  m_Name: RigArmRightFing23
  m_TagString: Untagged
  m_Icon: {fileID: 0}
  m_NavMeshLayer: 0
  m_StaticEditorFlags: 0
  m_IsActive: 1
--- !u!1 &1703919610249466
GameObject:
  m_ObjectHideFlags: 1
  m_PrefabParentObject: {fileID: 0}
  m_PrefabInternal: {fileID: 100100000}
  serializedVersion: 5
  m_Component:
  - component: {fileID: 4303574683178710}
  - component: {fileID: 33717688588844890}
  - component: {fileID: 23151446590354990}
  m_Layer: 0
  m_Name: Handle_Luke
  m_TagString: Untagged
  m_Icon: {fileID: 0}
  m_NavMeshLayer: 0
  m_StaticEditorFlags: 0
  m_IsActive: 1
--- !u!1 &1716115018607304
GameObject:
  m_ObjectHideFlags: 1
  m_PrefabParentObject: {fileID: 0}
  m_PrefabInternal: {fileID: 100100000}
  serializedVersion: 5
  m_Component:
  - component: {fileID: 4793584752509878}
  m_Layer: 0
  m_Name: RigArmRightFing11
  m_TagString: Untagged
  m_Icon: {fileID: 0}
  m_NavMeshLayer: 0
  m_StaticEditorFlags: 0
  m_IsActive: 1
--- !u!1 &1768762944749292
GameObject:
  m_ObjectHideFlags: 1
  m_PrefabParentObject: {fileID: 0}
  m_PrefabInternal: {fileID: 100100000}
  serializedVersion: 5
  m_Component:
  - component: {fileID: 4753616648012912}
  m_Layer: 0
  m_Name: RigArmRight1
  m_TagString: Untagged
  m_Icon: {fileID: 0}
  m_NavMeshLayer: 0
  m_StaticEditorFlags: 0
  m_IsActive: 1
--- !u!1 &1777191451662566
GameObject:
  m_ObjectHideFlags: 1
  m_PrefabParentObject: {fileID: 0}
  m_PrefabInternal: {fileID: 100100000}
  serializedVersion: 5
  m_Component:
  - component: {fileID: 4688430488026922}
  m_Layer: 0
  m_Name: RigArmRightFing22
  m_TagString: Untagged
  m_Icon: {fileID: 0}
  m_NavMeshLayer: 0
  m_StaticEditorFlags: 0
  m_IsActive: 1
--- !u!1 &1835470374324242
GameObject:
  m_ObjectHideFlags: 1
  m_PrefabParentObject: {fileID: 0}
  m_PrefabInternal: {fileID: 100100000}
  serializedVersion: 5
  m_Component:
  - component: {fileID: 4526881119623186}
  m_Layer: 0
  m_Name: RigArmLeftFing13
  m_TagString: Untagged
  m_Icon: {fileID: 0}
  m_NavMeshLayer: 0
  m_StaticEditorFlags: 0
  m_IsActive: 1
--- !u!1 &1845988148501132
GameObject:
  m_ObjectHideFlags: 1
  m_PrefabParentObject: {fileID: 0}
  m_PrefabInternal: {fileID: 100100000}
  serializedVersion: 5
  m_Component:
  - component: {fileID: 4120821261548276}
  - component: {fileID: 114136655627131326}
  - component: {fileID: 120691053945909078}
  m_Layer: 0
  m_Name: LightSaber
  m_TagString: Untagged
  m_Icon: {fileID: 0}
  m_NavMeshLayer: 0
  m_StaticEditorFlags: 0
  m_IsActive: 1
--- !u!1 &1880451256143866
GameObject:
  m_ObjectHideFlags: 1
  m_PrefabParentObject: {fileID: 0}
  m_PrefabInternal: {fileID: 100100000}
  serializedVersion: 5
  m_Component:
  - component: {fileID: 4145672547493306}
  m_Layer: 0
  m_Name: RigArmRightFing12
  m_TagString: Untagged
  m_Icon: {fileID: 0}
  m_NavMeshLayer: 0
  m_StaticEditorFlags: 0
  m_IsActive: 1
--- !u!1 &1881343734888984
GameObject:
  m_ObjectHideFlags: 1
  m_PrefabParentObject: {fileID: 0}
  m_PrefabInternal: {fileID: 100100000}
  serializedVersion: 5
  m_Component:
  - component: {fileID: 4430476202442202}
  m_Layer: 0
  m_Name: RigArmLeftFing12
  m_TagString: Untagged
  m_Icon: {fileID: 0}
  m_NavMeshLayer: 0
  m_StaticEditorFlags: 0
  m_IsActive: 1
--- !u!1 &1896110052194626
GameObject:
  m_ObjectHideFlags: 1
  m_PrefabParentObject: {fileID: 0}
  m_PrefabInternal: {fileID: 100100000}
  serializedVersion: 5
  m_Component:
  - component: {fileID: 4255669408904560}
  m_Layer: 0
  m_Name: RigSpine2
  m_TagString: Untagged
  m_Icon: {fileID: 0}
  m_NavMeshLayer: 0
  m_StaticEditorFlags: 0
  m_IsActive: 1
--- !u!1 &1934790677452538
GameObject:
  m_ObjectHideFlags: 0
  m_PrefabParentObject: {fileID: 0}
  m_PrefabInternal: {fileID: 100100000}
  serializedVersion: 5
  m_Component:
  - component: {fileID: 4034966490831072}
  m_Layer: 0
  m_Name: Muzzle
  m_TagString: Untagged
  m_Icon: {fileID: 0}
  m_NavMeshLayer: 0
  m_StaticEditorFlags: 0
  m_IsActive: 1
--- !u!1 &1947496422339978
GameObject:
  m_ObjectHideFlags: 1
  m_PrefabParentObject: {fileID: 0}
  m_PrefabInternal: {fileID: 100100000}
  serializedVersion: 5
  m_Component:
  - component: {fileID: 4480905723262306}
  m_Layer: 0
  m_Name: Rig
  m_TagString: Untagged
  m_Icon: {fileID: 0}
  m_NavMeshLayer: 0
  m_StaticEditorFlags: 0
  m_IsActive: 1
--- !u!4 &4011711527931108
Transform:
  m_ObjectHideFlags: 1
  m_PrefabParentObject: {fileID: 0}
  m_PrefabInternal: {fileID: 100100000}
  m_GameObject: {fileID: 1677308654824156}
  m_LocalRotation: {x: 0, y: 0, z: 0, w: 1}
  m_LocalPosition: {x: 0, y: -0.5, z: 0}
  m_LocalScale: {x: 1, y: 1, z: 1}
  m_Children: []
  m_Father: {fileID: 4360962115219916}
  m_RootOrder: 0
  m_LocalEulerAnglesHint: {x: 0, y: 0, z: 0}
--- !u!4 &4022802666970076
Transform:
  m_ObjectHideFlags: 1
  m_PrefabParentObject: {fileID: 0}
  m_PrefabInternal: {fileID: 100100000}
  m_GameObject: {fileID: 1451862416537902}
  m_LocalRotation: {x: -0.0000000015902499, y: -0.000000029230042, z: 0.038147055,
    w: 0.99927217}
  m_LocalPosition: {x: -0.08321251, y: -0.000000009536743, z: 4.5474734e-15}
  m_LocalScale: {x: 1.0000001, y: 0.99999994, z: 1.0000001}
  m_Children:
  - {fileID: 4695339621372402}
  - {fileID: 4739189061696376}
  - {fileID: 4122961034600640}
  m_Father: {fileID: 4255669408904560}
  m_RootOrder: 0
  m_LocalEulerAnglesHint: {x: 0, y: 0, z: 0}
--- !u!4 &4034966490831072
Transform:
  m_ObjectHideFlags: 1
  m_PrefabParentObject: {fileID: 0}
  m_PrefabInternal: {fileID: 100100000}
  m_GameObject: {fileID: 1934790677452538}
  m_LocalRotation: {x: 0, y: 0, z: 0, w: 1}
  m_LocalPosition: {x: 0, y: 0.5, z: 0.5}
  m_LocalScale: {x: 1, y: 1, z: 1}
  m_Children: []
  m_Father: {fileID: 4327029610207042}
  m_RootOrder: 1
  m_LocalEulerAnglesHint: {x: 0, y: 0, z: 0}
--- !u!4 &4046774858025350
Transform:
  m_ObjectHideFlags: 1
  m_PrefabParentObject: {fileID: 0}
  m_PrefabInternal: {fileID: 100100000}
  m_GameObject: {fileID: 1060797403413570}
  m_LocalRotation: {x: 0.029486908, y: 0.9983658, z: -0.046789788, w: -0.014386998}
  m_LocalPosition: {x: -0, y: 0, z: -0.047994237}
  m_LocalScale: {x: 0.99999994, y: 1, z: 1}
  m_Children:
  - {fileID: 4458153078855494}
  m_Father: {fileID: 4493744930272786}
  m_RootOrder: 1
  m_LocalEulerAnglesHint: {x: 0, y: 0, z: 0}
--- !u!4 &4089379702084812
Transform:
  m_ObjectHideFlags: 1
  m_PrefabParentObject: {fileID: 0}
  m_PrefabInternal: {fileID: 100100000}
  m_GameObject: {fileID: 1555533782238474}
  m_LocalRotation: {x: 0.0000000031641672, y: 0.0000000033409677, z: -0.073850006,
    w: 0.9972694}
  m_LocalPosition: {x: -0.039542846, y: -0.0000008833408, z: -4.2027465e-11}
  m_LocalScale: {x: 1, y: 1.0000001, z: 0.99999994}
  m_Children:
  - {fileID: 4255669408904560}
  m_Father: {fileID: 4493744930272786}
  m_RootOrder: 2
  m_LocalEulerAnglesHint: {x: 0, y: 0, z: 0}
--- !u!4 &4120821261548276
Transform:
  m_ObjectHideFlags: 1
  m_PrefabParentObject: {fileID: 0}
  m_PrefabInternal: {fileID: 100100000}
  m_GameObject: {fileID: 1845988148501132}
  m_LocalRotation: {x: 0.7567978, y: -0.3134759, z: -0.5299155, w: 0.21949817}
  m_LocalPosition: {x: 0, y: 0, z: 0.05}
  m_LocalScale: {x: 0.05, y: 0.05, z: 0.05}
  m_Children:
  - {fileID: 4303574683178710}
  - {fileID: 4344067350128906}
  - {fileID: 4366333844855530}
  - {fileID: 4360962115219916}
  m_Father: {fileID: 4638270927465134}
  m_RootOrder: 0
  m_LocalEulerAnglesHint: {x: 0, y: -110, z: -135}
--- !u!4 &4122961034600640
Transform:
  m_ObjectHideFlags: 1
  m_PrefabParentObject: {fileID: 0}
  m_PrefabInternal: {fileID: 100100000}
  m_GameObject: {fileID: 1079822465923398}
  m_LocalRotation: {x: -0.000118110926, y: 0.0006218859, z: -0.21315977, w: 0.97701716}
  m_LocalPosition: {x: -0.064826965, y: -0.0066724587, z: 0.00005134432}
  m_LocalScale: {x: 1, y: 0.99999994, z: 1}
  m_Children:
  - {fileID: 4938252103439236}
  m_Father: {fileID: 4022802666970076}
  m_RootOrder: 2
  m_LocalEulerAnglesHint: {x: 0, y: 0, z: 0}
--- !u!4 &4145672547493306
Transform:
  m_ObjectHideFlags: 1
  m_PrefabParentObject: {fileID: 0}
  m_PrefabInternal: {fileID: 100100000}
  m_GameObject: {fileID: 1880451256143866}
  m_LocalRotation: {x: 0.000020885347, y: 0.15970433, z: 0.000017391736, w: 0.9871649}
  m_LocalPosition: {x: -0.03159382, y: 0.000000038146972, z: 0.000000028610229}
  m_LocalScale: {x: 1.0000002, y: 1, z: 0.99999976}
  m_Children:
  - {fileID: 4465780891032010}
  m_Father: {fileID: 4793584752509878}
  m_RootOrder: 0
  m_LocalEulerAnglesHint: {x: 0, y: 0, z: 0}
--- !u!4 &4245308938661480
Transform:
  m_ObjectHideFlags: 1
  m_PrefabParentObject: {fileID: 0}
  m_PrefabInternal: {fileID: 100100000}
  m_GameObject: {fileID: 1439932100828990}
  m_LocalRotation: {x: 0.66058564, y: -0.036743574, z: 0.05939423, w: 0.7474951}
  m_LocalPosition: {x: -0.12248317, y: -0.000000026226044, z: -0.000000038146972}
  m_LocalScale: {x: 1.0000001, y: 0.99999994, z: 1}
  m_Children:
  - {fileID: 4793584752509878}
  - {fileID: 4774347552908604}
  - {fileID: 4685837509989736}
  - {fileID: 4931217569339578}
  - {fileID: 4638270927465134}
  m_Father: {fileID: 4423979548681440}
  m_RootOrder: 0
  m_LocalEulerAnglesHint: {x: 0, y: 0, z: 0}
--- !u!4 &4255669408904560
Transform:
  m_ObjectHideFlags: 1
  m_PrefabParentObject: {fileID: 0}
  m_PrefabInternal: {fileID: 100100000}
  m_GameObject: {fileID: 1896110052194626}
  m_LocalRotation: {x: -0.000000009292196, y: 0.000000043186013, z: 0.15051039, w: 0.9886084}
  m_LocalPosition: {x: -0.05427078, y: 0, z: -2.842171e-16}
  m_LocalScale: {x: 1.0000001, y: 1, z: 1}
  m_Children:
  - {fileID: 4022802666970076}
  m_Father: {fileID: 4089379702084812}
  m_RootOrder: 0
  m_LocalEulerAnglesHint: {x: 0, y: 0, z: 0}
--- !u!4 &4265046128278676
Transform:
  m_ObjectHideFlags: 1
  m_PrefabParentObject: {fileID: 0}
  m_PrefabInternal: {fileID: 100100000}
  m_GameObject: {fileID: 1540779747190790}
  m_LocalRotation: {x: 0.008296077, y: -0.011210243, z: 0.041526318, w: 0.99904007}
  m_LocalPosition: {x: -0.01501522, y: 0, z: 0.000000007152557}
  m_LocalScale: {x: 1.0000005, y: 0.9999999, z: 0.99999964}
  m_Children: []
  m_Father: {fileID: 4882314291736422}
  m_RootOrder: 0
  m_LocalEulerAnglesHint: {x: 0, y: 0, z: 0}
--- !u!4 &4272956962201178
Transform:
  m_ObjectHideFlags: 1
  m_PrefabParentObject: {fileID: 0}
  m_PrefabInternal: {fileID: 100100000}
  m_GameObject: {fileID: 1542190201890250}
  m_LocalRotation: {x: 0.029484876, y: 0.998366, z: 0.046786875, w: 0.014386804}
  m_LocalPosition: {x: -0, y: 0, z: 0.047994226}
  m_LocalScale: {x: 1, y: 1, z: 0.99999994}
  m_Children:
  - {fileID: 4442061733966918}
  m_Father: {fileID: 4493744930272786}
  m_RootOrder: 0
  m_LocalEulerAnglesHint: {x: 0, y: 0, z: 0}
--- !u!4 &4285943187531280
Transform:
  m_ObjectHideFlags: 1
  m_PrefabParentObject: {fileID: 0}
  m_PrefabInternal: {fileID: 100100000}
  m_GameObject: {fileID: 1644223674578502}
  m_LocalRotation: {x: -0.008286958, y: 0.011210323, z: 0.041525654, w: 0.9990402}
  m_LocalPosition: {x: -0.015015182, y: 0, z: 0.000000007152557}
  m_LocalScale: {x: 0.9999998, y: 1.0000001, z: 1.0000004}
  m_Children: []
  m_Father: {fileID: 4548834781947086}
  m_RootOrder: 0
  m_LocalEulerAnglesHint: {x: 0, y: 0, z: 0}
--- !u!4 &4288918220577132
Transform:
  m_ObjectHideFlags: 1
  m_PrefabParentObject: {fileID: 0}
  m_PrefabInternal: {fileID: 100100000}
  m_GameObject: {fileID: 1526671862562606}
  m_LocalRotation: {x: 0.000000021855694, y: 0, z: 0, w: 1}
  m_LocalPosition: {x: 0, y: 0, z: 0}
  m_LocalScale: {x: 0.39370078, y: 0.39370078, z: 0.39370078}
  m_Children: []
  m_Father: {fileID: 4671497309409182}
  m_RootOrder: 0
  m_LocalEulerAnglesHint: {x: 0, y: 0, z: 0}
--- !u!4 &4303300623951754
Transform:
  m_ObjectHideFlags: 1
  m_PrefabParentObject: {fileID: 0}
  m_PrefabInternal: {fileID: 100100000}
  m_GameObject: {fileID: 1477384943261714}
  m_LocalRotation: {x: -0.021653192, y: -0.043843642, z: -0.7452739, w: 0.66496295}
  m_LocalPosition: {x: -0.24112545, y: 0.000000009536743, z: -0.000000009536743}
  m_LocalScale: {x: 0.99999994, y: 0.99999994, z: 0.9999998}
  m_Children: []
  m_Father: {fileID: 4458153078855494}
  m_RootOrder: 0
  m_LocalEulerAnglesHint: {x: 0, y: 0, z: 0}
--- !u!4 &4303574683178710
Transform:
  m_ObjectHideFlags: 1
  m_PrefabParentObject: {fileID: 0}
  m_PrefabInternal: {fileID: 100100000}
  m_GameObject: {fileID: 1703919610249466}
  m_LocalRotation: {x: 0, y: 0, z: 0, w: 1}
  m_LocalPosition: {x: 0, y: 0, z: 0}
  m_LocalScale: {x: 1, y: 1, z: 1}
  m_Children: []
  m_Father: {fileID: 4120821261548276}
  m_RootOrder: 0
  m_LocalEulerAnglesHint: {x: 0, y: 0, z: 0}
--- !u!4 &4324520400603534
Transform:
  m_ObjectHideFlags: 1
  m_PrefabParentObject: {fileID: 0}
  m_PrefabInternal: {fileID: 100100000}
  m_GameObject: {fileID: 1187997062165832}
  m_LocalRotation: {x: -0.6605855, y: 0.036743585, z: 0.059393927, w: 0.7474952}
  m_LocalPosition: {x: -0.12248317, y: 0.000000026226044, z: -0.000000038146972}
  m_LocalScale: {x: 0.9999999, y: 1.0000001, z: 1.0000001}
  m_Children:
  - {fileID: 4341296697882856}
  - {fileID: 4501886366476490}
  - {fileID: 4948079500550672}
  - {fileID: 4928916948865368}
  - {fileID: 4615582399496942}
  m_Father: {fileID: 4386257852433672}
  m_RootOrder: 0
  m_LocalEulerAnglesHint: {x: 0, y: 0, z: 0}
--- !u!4 &4327029610207042
Transform:
  m_ObjectHideFlags: 1
  m_PrefabParentObject: {fileID: 0}
  m_PrefabInternal: {fileID: 100100000}
  m_GameObject: {fileID: 1287528372570142}
  m_LocalRotation: {x: 0, y: 0, z: 0, w: 1}
  m_LocalPosition: {x: 0, y: 0, z: 0}
  m_LocalScale: {x: 1, y: 1, z: 1}
  m_Children:
  - {fileID: 4671497309409182}
  - {fileID: 4034966490831072}
  m_Father: {fileID: 0}
  m_RootOrder: 0
  m_LocalEulerAnglesHint: {x: 0, y: 0, z: 0}
--- !u!4 &4341296697882856
Transform:
  m_ObjectHideFlags: 1
  m_PrefabParentObject: {fileID: 0}
  m_PrefabInternal: {fileID: 100100000}
  m_GameObject: {fileID: 1112172942589876}
  m_LocalRotation: {x: 0.15416096, y: 0.285241, z: 0.112568505, w: 0.93925524}
  m_LocalPosition: {x: -0.02102398, y: -0.020841865, z: 0.011304883}
  m_LocalScale: {x: 1.0000001, y: 1, z: 0.99999994}
  m_Children:
  - {fileID: 4430476202442202}
  m_Father: {fileID: 4324520400603534}
  m_RootOrder: 0
  m_LocalEulerAnglesHint: {x: 0, y: 0, z: 0}
--- !u!4 &4344067350128906
Transform:
  m_ObjectHideFlags: 1
  m_PrefabParentObject: {fileID: 0}
  m_PrefabInternal: {fileID: 100100000}
  m_GameObject: {fileID: 1134551287414934}
  m_LocalRotation: {x: 0, y: 0, z: 0, w: 1}
  m_LocalPosition: {x: 0, y: -0.5, z: 0}
  m_LocalScale: {x: 1, y: 1, z: 1}
  m_Children: []
  m_Father: {fileID: 4120821261548276}
  m_RootOrder: 1
  m_LocalEulerAnglesHint: {x: 0, y: 0, z: 0}
--- !u!4 &4360962115219916
Transform:
  m_ObjectHideFlags: 1
  m_PrefabParentObject: {fileID: 0}
  m_PrefabInternal: {fileID: 100100000}
  m_GameObject: {fileID: 1322852545479516}
  m_LocalRotation: {x: -0, y: -0, z: -0, w: 1}
  m_LocalPosition: {x: 0, y: 0, z: 0}
  m_LocalScale: {x: 1, y: 1, z: 1}
  m_Children:
  - {fileID: 4011711527931108}
  - {fileID: 4947524889246720}
  m_Father: {fileID: 4120821261548276}
  m_RootOrder: 3
  m_LocalEulerAnglesHint: {x: 0, y: 0, z: 0}
--- !u!4 &4366333844855530
Transform:
  m_ObjectHideFlags: 1
  m_PrefabParentObject: {fileID: 0}
  m_PrefabInternal: {fileID: 100100000}
  m_GameObject: {fileID: 1536749258927444}
  m_LocalRotation: {x: 0, y: 0, z: 0, w: 1}
  m_LocalPosition: {x: 0, y: 9, z: 0}
  m_LocalScale: {x: 1, y: 1, z: 1}
  m_Children: []
  m_Father: {fileID: 4120821261548276}
  m_RootOrder: 2
  m_LocalEulerAnglesHint: {x: 0, y: 0, z: 0}
--- !u!4 &4386257852433672
Transform:
  m_ObjectHideFlags: 1
  m_PrefabParentObject: {fileID: 0}
  m_PrefabInternal: {fileID: 100100000}
  m_GameObject: {fileID: 1378173309672084}
  m_LocalRotation: {x: 0.03689197, y: 0.014993409, z: -0.021100763, w: 0.998984}
  m_LocalPosition: {x: -0.13784939, y: 0.000000023841856, z: -0.000000038146972}
  m_LocalScale: {x: 0.99999994, y: 1, z: 1.0000001}
  m_Children:
  - {fileID: 4324520400603534}
  m_Father: {fileID: 4458889082254498}
  m_RootOrder: 0
  m_LocalEulerAnglesHint: {x: 0, y: 0, z: 0}
--- !u!4 &4423979548681440
Transform:
  m_ObjectHideFlags: 1
  m_PrefabParentObject: {fileID: 0}
  m_PrefabInternal: {fileID: 100100000}
  m_GameObject: {fileID: 1022472500887046}
  m_LocalRotation: {x: -0.036891792, y: -0.014993658, z: -0.021100514, w: 0.998984}
  m_LocalPosition: {x: -0.13784942, y: -0.000000038146972, z: -0.000000038146972}
  m_LocalScale: {x: 1, y: 1, z: 0.99999994}
  m_Children:
  - {fileID: 4245308938661480}
  m_Father: {fileID: 4753616648012912}
  m_RootOrder: 0
  m_LocalEulerAnglesHint: {x: 0, y: 0, z: 0}
--- !u!4 &4430476202442202
Transform:
  m_ObjectHideFlags: 1
  m_PrefabParentObject: {fileID: 0}
  m_PrefabInternal: {fileID: 100100000}
  m_GameObject: {fileID: 1881343734888984}
  m_LocalRotation: {x: -0.000022705566, y: -0.1597039, z: 0.000015844404, w: 0.987165}
  m_LocalPosition: {x: -0.03159382, y: 0, z: 0.000000019073486}
  m_LocalScale: {x: 0.9999997, y: 1, z: 1.0000005}
  m_Children:
  - {fileID: 4526881119623186}
  m_Father: {fileID: 4341296697882856}
  m_RootOrder: 0
  m_LocalEulerAnglesHint: {x: 0, y: 0, z: 0}
--- !u!4 &4442061733966918
Transform:
  m_ObjectHideFlags: 1
  m_PrefabParentObject: {fileID: 0}
  m_PrefabInternal: {fileID: 100100000}
  m_GameObject: {fileID: 1606772407513738}
  m_LocalRotation: {x: 0.0008756032, y: -0.0026281145, z: 0.02750046, w: 0.999618}
  m_LocalPosition: {x: -0.23199765, y: -0.00000005483627, z: 0.000000019073486}
  m_LocalScale: {x: 1.0000002, y: 1.0000001, z: 0.9999999}
  m_Children:
  - {fileID: 4631230422111550}
  m_Father: {fileID: 4272956962201178}
  m_RootOrder: 0
  m_LocalEulerAnglesHint: {x: 0, y: 0, z: 0}
--- !u!4 &4458153078855494
Transform:
  m_ObjectHideFlags: 1
  m_PrefabParentObject: {fileID: 0}
  m_PrefabInternal: {fileID: 100100000}
  m_GameObject: {fileID: 1688755106822086}
  m_LocalRotation: {x: -0.00087660126, y: 0.002606429, z: 0.02708445, w: 0.9996294}
  m_LocalPosition: {x: -0.2319977, y: -0.00000005483627, z: -0.000000014305114}
  m_LocalScale: {x: 1.0000002, y: 1.0000001, z: 1.0000001}
  m_Children:
  - {fileID: 4303300623951754}
  m_Father: {fileID: 4046774858025350}
  m_RootOrder: 0
  m_LocalEulerAnglesHint: {x: 0, y: 0, z: 0}
--- !u!4 &4458889082254498
Transform:
  m_ObjectHideFlags: 1
  m_PrefabParentObject: {fileID: 0}
  m_PrefabInternal: {fileID: 100100000}
  m_GameObject: {fileID: 1532156735646374}
  m_LocalRotation: {x: -0.048143372, y: 0.39984727, z: -0.0067823664, w: 0.9152914}
  m_LocalPosition: {x: -0.06763689, y: 0.000000014305114, z: 0.000000076293944}
  m_LocalScale: {x: 1.0000001, y: 1, z: 0.9999999}
  m_Children:
  - {fileID: 4386257852433672}
  m_Father: {fileID: 4695339621372402}
  m_RootOrder: 0
  m_LocalEulerAnglesHint: {x: 0, y: 0, z: 0}
--- !u!4 &4465780891032010
Transform:
  m_ObjectHideFlags: 1
  m_PrefabParentObject: {fileID: 0}
  m_PrefabInternal: {fileID: 100100000}
  m_GameObject: {fileID: 1248888329539544}
  m_LocalRotation: {x: 0.0000063053903, y: 0.0931377, z: -0.000059945825, w: 0.9956533}
  m_LocalPosition: {x: -0.015269089, y: -0.000000038146972, z: 0.000000009536743}
  m_LocalScale: {x: 1.0000004, y: 1, z: 0.99999976}
  m_Children: []
  m_Father: {fileID: 4145672547493306}
  m_RootOrder: 0
  m_LocalEulerAnglesHint: {x: 0, y: 0, z: 0}
--- !u!4 &4480905723262306
Transform:
  m_ObjectHideFlags: 1
  m_PrefabParentObject: {fileID: 0}
  m_PrefabInternal: {fileID: 100100000}
  m_GameObject: {fileID: 1947496422339978}
  m_LocalRotation: {x: 0.50000006, y: -0.5, z: -0.4999999, w: 0.5}
  m_LocalPosition: {x: 0, y: 0, z: 0}
  m_LocalScale: {x: 1, y: 1, z: 1}
  m_Children: []
  m_Father: {fileID: 4671497309409182}
  m_RootOrder: 1
  m_LocalEulerAnglesHint: {x: 0, y: 0, z: 0}
--- !u!4 &4493744930272786
Transform:
  m_ObjectHideFlags: 1
  m_PrefabParentObject: {fileID: 0}
  m_PrefabInternal: {fileID: 100100000}
  m_GameObject: {fileID: 1643285675538490}
  m_LocalRotation: {x: 0.50000006, y: -0.5, z: -0.4999999, w: 0.5}
  m_LocalPosition: {x: -6.333563e-10, y: 0.5200989, z: -0.014490483}
  m_LocalScale: {x: 1, y: 1, z: 1}
  m_Children:
  - {fileID: 4272956962201178}
  - {fileID: 4046774858025350}
  - {fileID: 4089379702084812}
  m_Father: {fileID: 4671497309409182}
  m_RootOrder: 2
  m_LocalEulerAnglesHint: {x: 0, y: 0, z: 0}
--- !u!4 &4501886366476490
Transform:
  m_ObjectHideFlags: 1
  m_PrefabParentObject: {fileID: 0}
  m_PrefabInternal: {fileID: 100100000}
  m_GameObject: {fileID: 1041845778139128}
  m_LocalRotation: {x: 0.009388068, y: -0.02805892, z: 0.1265548, w: 0.99151826}
  m_LocalPosition: {x: -0.06893745, y: -0.003694229, z: 0.019970866}
  m_LocalScale: {x: 0.9999999, y: 1.0000002, z: 1.0000001}
  m_Children:
  - {fileID: 4751247803983884}
  m_Father: {fileID: 4324520400603534}
  m_RootOrder: 1
  m_LocalEulerAnglesHint: {x: 0, y: 0, z: 0}
--- !u!4 &4526881119623186
Transform:
  m_ObjectHideFlags: 1
  m_PrefabParentObject: {fileID: 0}
  m_PrefabInternal: {fileID: 100100000}
  m_GameObject: {fileID: 1835470374324242}
  m_LocalRotation: {x: -0.000008562829, y: -0.09313756, z: -0.0000635394, w: 0.9956533}
  m_LocalPosition: {x: -0.015269089, y: 0.000000076293944, z: 0.0000000047683715}
  m_LocalScale: {x: 0.99999964, y: 0.99999994, z: 1.0000005}
  m_Children: []
  m_Father: {fileID: 4430476202442202}
  m_RootOrder: 0
  m_LocalEulerAnglesHint: {x: 0, y: 0, z: 0}
--- !u!4 &4548834781947086
Transform:
  m_ObjectHideFlags: 1
  m_PrefabParentObject: {fileID: 0}
  m_PrefabInternal: {fileID: 100100000}
  m_GameObject: {fileID: 1543938641736218}
  m_LocalRotation: {x: 0.000031549796, y: -0.00037527594, z: 0.079707235, w: 0.99681824}
  m_LocalPosition: {x: -0.01608055, y: 0, z: 0.000000009536743}
  m_LocalScale: {x: 0.9999998, y: 1.0000002, z: 1.0000001}
  m_Children:
  - {fileID: 4285943187531280}
  m_Father: {fileID: 4948079500550672}
  m_RootOrder: 0
  m_LocalEulerAnglesHint: {x: 0, y: 0, z: 0}
--- !u!4 &4554863684167774
Transform:
  m_ObjectHideFlags: 1
  m_PrefabParentObject: {fileID: 0}
  m_PrefabInternal: {fileID: 100100000}
  m_GameObject: {fileID: 1566545774394920}
  m_LocalRotation: {x: 0.009497812, y: -0.011592956, z: 0.07302364, w: 0.9972176}
  m_LocalPosition: {x: -0.018204765, y: -0.000000019073486, z: 0.000000011920928}
  m_LocalScale: {x: 1.0000002, y: 1, z: 0.99999994}
  m_Children: []
  m_Father: {fileID: 4894850042623640}
  m_RootOrder: 0
  m_LocalEulerAnglesHint: {x: 0, y: 0, z: 0}
--- !u!4 &4615582399496942
Transform:
  m_ObjectHideFlags: 1
  m_PrefabParentObject: {fileID: 0}
  m_PrefabInternal: {fileID: 100100000}
  m_GameObject: {fileID: 1613041446514428}
  m_LocalRotation: {x: -0.11947515, y: -0.011648016, z: -0.6917773, w: 0.71206343}
  m_LocalPosition: {x: -0.06474292, y: -0.021030808, z: -0.0012574435}
  m_LocalScale: {x: 1.0000002, y: 0.99999994, z: 0.99999994}
  m_Children: []
  m_Father: {fileID: 4324520400603534}
  m_RootOrder: 4
  m_LocalEulerAnglesHint: {x: 0, y: 0, z: 0}
--- !u!4 &4631230422111550
Transform:
  m_ObjectHideFlags: 1
  m_PrefabParentObject: {fileID: 0}
  m_PrefabInternal: {fileID: 100100000}
  m_GameObject: {fileID: 1400269032272416}
  m_LocalRotation: {x: 0.021653974, y: 0.04384698, z: -0.7455499, w: 0.66465324}
  m_LocalPosition: {x: -0.24112545, y: 0, z: 0}
  m_LocalScale: {x: 0.99999994, y: 0.99999976, z: 1.0000002}
  m_Children: []
  m_Father: {fileID: 4442061733966918}
  m_RootOrder: 0
  m_LocalEulerAnglesHint: {x: 0, y: 0, z: 0}
--- !u!4 &4638270927465134
Transform:
  m_ObjectHideFlags: 1
  m_PrefabParentObject: {fileID: 0}
  m_PrefabInternal: {fileID: 100100000}
  m_GameObject: {fileID: 1646142825038592}
  m_LocalRotation: {x: 0.6917773, y: 0.7120634, z: 0.11947505, w: -0.01164788}
  m_LocalPosition: {x: -0.064742886, y: -0.021030808, z: 0.001257472}
  m_LocalScale: {x: 0.9999998, y: 1.0000001, z: 1.0000001}
  m_Children:
  - {fileID: 4120821261548276}
  m_Father: {fileID: 4245308938661480}
  m_RootOrder: 4
  m_LocalEulerAnglesHint: {x: 0, y: 0, z: 0}
--- !u!4 &4671497309409182
Transform:
  m_ObjectHideFlags: 1
  m_PrefabParentObject: {fileID: 0}
  m_PrefabInternal: {fileID: 100100000}
  m_GameObject: {fileID: 1386717954804008}
  m_LocalRotation: {x: 0, y: -0.7071068, z: 0, w: 0.7071068}
  m_LocalPosition: {x: 0, y: -3, z: 0}
  m_LocalScale: {x: 2.5, y: 2.5, z: 2.5}
  m_Children:
  - {fileID: 4288918220577132}
  - {fileID: 4480905723262306}
  - {fileID: 4493744930272786}
  m_Father: {fileID: 4327029610207042}
  m_RootOrder: 0
  m_LocalEulerAnglesHint: {x: 0, y: -90, z: 0}
--- !u!4 &4685837509989736
Transform:
  m_ObjectHideFlags: 1
  m_PrefabParentObject: {fileID: 0}
  m_PrefabInternal: {fileID: 100100000}
  m_GameObject: {fileID: 1678371787613924}
  m_LocalRotation: {x: -0.0023439154, y: 0.006519661, z: 0.10101024, w: 0.9948613}
  m_LocalPosition: {x: -0.06919815, y: -0.004624672, z: 0.0000000047683715}
  m_LocalScale: {x: 1.0000001, y: 0.9999998, z: 1}
  m_Children:
  - {fileID: 4882314291736422}
  m_Father: {fileID: 4245308938661480}
  m_RootOrder: 2
  m_LocalEulerAnglesHint: {x: 0, y: 0, z: 0}
--- !u!4 &4688430488026922
Transform:
  m_ObjectHideFlags: 1
  m_PrefabParentObject: {fileID: 0}
  m_PrefabInternal: {fileID: 100100000}
  m_GameObject: {fileID: 1777191451662566}
  m_LocalRotation: {x: -0.00006243795, y: -0.0021597112, z: 0.061949704, w: 0.998077}
  m_LocalPosition: {x: -0.014104881, y: 0, z: -0.0000000023841857}
  m_LocalScale: {x: 1.0000004, y: 0.99999976, z: 1}
  m_Children:
  - {fileID: 4926811476500650}
  m_Father: {fileID: 4774347552908604}
  m_RootOrder: 0
  m_LocalEulerAnglesHint: {x: 0, y: 0, z: 0}
--- !u!4 &4695339621372402
Transform:
  m_ObjectHideFlags: 1
  m_PrefabParentObject: {fileID: 0}
  m_PrefabInternal: {fileID: 100100000}
  m_GameObject: {fileID: 1439398083757208}
  m_LocalRotation: {x: 0.102075525, y: 0.74840057, z: -0.03576599, w: 0.65436846}
  m_LocalPosition: {x: -0.057447508, y: -0.0077187344, z: 0.012480022}
  m_LocalScale: {x: 1, y: 0.99999994, z: 1}
  m_Children:
  - {fileID: 4458889082254498}
  m_Father: {fileID: 4022802666970076}
  m_RootOrder: 0
  m_LocalEulerAnglesHint: {x: 0, y: 0, z: 0}
--- !u!4 &4739189061696376
Transform:
  m_ObjectHideFlags: 1
  m_PrefabParentObject: {fileID: 0}
  m_PrefabInternal: {fileID: 100100000}
  m_GameObject: {fileID: 1364761535394672}
  m_LocalRotation: {x: -0.10207676, y: -0.7484004, z: -0.035767294, w: 0.6543684}
  m_LocalPosition: {x: -0.057447508, y: -0.0077187344, z: -0.012480022}
  m_LocalScale: {x: 1, y: 1, z: 0.99999994}
  m_Children:
  - {fileID: 4753616648012912}
  m_Father: {fileID: 4022802666970076}
  m_RootOrder: 1
  m_LocalEulerAnglesHint: {x: 0, y: 0, z: 0}
--- !u!4 &4751247803983884
Transform:
  m_ObjectHideFlags: 1
  m_PrefabParentObject: {fileID: 0}
  m_PrefabInternal: {fileID: 100100000}
  m_GameObject: {fileID: 1416193603306124}
  m_LocalRotation: {x: 0.00006290526, y: 0.0021609175, z: 0.06195059, w: 0.9980769}
  m_LocalPosition: {x: -0.014104843, y: 0, z: -0.0000000023841857}
  m_LocalScale: {x: 0.9999997, y: 1.0000005, z: 1.0000001}
  m_Children:
  - {fileID: 4858502084158152}
  m_Father: {fileID: 4501886366476490}
  m_RootOrder: 0
  m_LocalEulerAnglesHint: {x: 0, y: 0, z: 0}
--- !u!4 &4753616648012912
Transform:
  m_ObjectHideFlags: 1
  m_PrefabParentObject: {fileID: 0}
  m_PrefabInternal: {fileID: 100100000}
  m_GameObject: {fileID: 1768762944749292}
  m_LocalRotation: {x: 0.048143502, y: -0.3998475, z: -0.006782166, w: 0.9152913}
  m_LocalPosition: {x: -0.06763689, y: -0.000000009536743, z: 0.000000076293944}
  m_LocalScale: {x: 0.9999999, y: 1, z: 1.0000001}
  m_Children:
  - {fileID: 4423979548681440}
  m_Father: {fileID: 4739189061696376}
  m_RootOrder: 0
  m_LocalEulerAnglesHint: {x: 0, y: 0, z: 0}
--- !u!4 &4774347552908604
Transform:
  m_ObjectHideFlags: 1
  m_PrefabParentObject: {fileID: 0}
  m_PrefabInternal: {fileID: 100100000}
  m_GameObject: {fileID: 1563468931435914}
  m_LocalRotation: {x: -0.009389001, y: 0.028058846, z: 0.12655514, w: 0.9915182}
  m_LocalPosition: {x: -0.06893747, y: -0.0036942672, z: -0.019970838}
  m_LocalScale: {x: 1.0000002, y: 0.9999999, z: 1}
  m_Children:
  - {fileID: 4688430488026922}
  m_Father: {fileID: 4245308938661480}
  m_RootOrder: 1
  m_LocalEulerAnglesHint: {x: 0, y: 0, z: 0}
--- !u!4 &4793584752509878
Transform:
  m_ObjectHideFlags: 1
  m_PrefabParentObject: {fileID: 0}
  m_PrefabInternal: {fileID: 100100000}
  m_GameObject: {fileID: 1716115018607304}
  m_LocalRotation: {x: -0.15416156, y: -0.28524068, z: 0.11256793, w: 0.93925524}
  m_LocalPosition: {x: -0.02102398, y: -0.020841865, z: -0.011304872}
  m_LocalScale: {x: 0.99999994, y: 1, z: 1.0000001}
  m_Children:
  - {fileID: 4145672547493306}
  m_Father: {fileID: 4245308938661480}
  m_RootOrder: 0
  m_LocalEulerAnglesHint: {x: 0, y: 0, z: 0}
--- !u!4 &4847542813738756
Transform:
  m_ObjectHideFlags: 1
  m_PrefabParentObject: {fileID: 0}
  m_PrefabInternal: {fileID: 100100000}
  m_GameObject: {fileID: 1207141847380270}
  m_LocalRotation: {x: -0.000043113534, y: 0.0006159415, z: 0.069979146, w: 0.9975483}
  m_LocalPosition: {x: -0.013669357, y: 0, z: -0.0000000023841857}
  m_LocalScale: {x: 0.99999976, y: 1.0000002, z: 1.0000001}
  m_Children:
  - {fileID: 4958304980763870}
  m_Father: {fileID: 4928916948865368}
  m_RootOrder: 0
  m_LocalEulerAnglesHint: {x: 0, y: 0, z: 0}
--- !u!4 &4858502084158152
Transform:
  m_ObjectHideFlags: 1
  m_PrefabParentObject: {fileID: 0}
  m_PrefabInternal: {fileID: 100100000}
  m_GameObject: {fileID: 1627623137181554}
  m_LocalRotation: {x: -0.011755611, y: 0.009236606, z: 0.04501327, w: 0.99887455}
  m_LocalPosition: {x: -0.016311988, y: -0.000000019073486, z: 0.000000038146972}
  m_LocalScale: {x: 1.0000002, y: 1, z: 1.0000001}
  m_Children: []
  m_Father: {fileID: 4751247803983884}
  m_RootOrder: 0
  m_LocalEulerAnglesHint: {x: 0, y: 0, z: 0}
--- !u!4 &4882314291736422
Transform:
  m_ObjectHideFlags: 1
  m_PrefabParentObject: {fileID: 0}
  m_PrefabInternal: {fileID: 100100000}
  m_GameObject: {fileID: 1105069732440528}
  m_LocalRotation: {x: -0.00002623613, y: 0.0003759954, z: 0.07970756, w: 0.99681824}
  m_LocalPosition: {x: -0.01608055, y: 0, z: 0.0000000047683715}
  m_LocalScale: {x: 1.0000004, y: 0.99999964, z: 1}
  m_Children:
  - {fileID: 4265046128278676}
  m_Father: {fileID: 4685837509989736}
  m_RootOrder: 0
  m_LocalEulerAnglesHint: {x: 0, y: 0, z: 0}
--- !u!4 &4894850042623640
Transform:
  m_ObjectHideFlags: 1
  m_PrefabParentObject: {fileID: 0}
  m_PrefabInternal: {fileID: 100100000}
  m_GameObject: {fileID: 1355484497904646}
  m_LocalRotation: {x: 0.000045858986, y: -0.0006155619, z: 0.06997907, w: 0.9975483}
  m_LocalPosition: {x: -0.013669395, y: 0.000000038146972, z: -0.0000000023841857}
  m_LocalScale: {x: 1.0000002, y: 0.9999999, z: 1.0000001}
  m_Children:
  - {fileID: 4554863684167774}
  m_Father: {fileID: 4931217569339578}
  m_RootOrder: 0
  m_LocalEulerAnglesHint: {x: 0, y: 0, z: 0}
--- !u!4 &4926811476500650
Transform:
  m_ObjectHideFlags: 1
  m_PrefabParentObject: {fileID: 0}
  m_PrefabInternal: {fileID: 100100000}
  m_GameObject: {fileID: 1690907001900348}
  m_LocalRotation: {x: 0.011758526, y: -0.009234519, z: 0.045011044, w: 0.9988746}
  m_LocalPosition: {x: -0.016311988, y: 0.000000019073486, z: 0.000000038146972}
  m_LocalScale: {x: 0.99999976, y: 1.0000002, z: 0.99999994}
  m_Children: []
  m_Father: {fileID: 4688430488026922}
  m_RootOrder: 0
  m_LocalEulerAnglesHint: {x: 0, y: 0, z: 0}
--- !u!4 &4928916948865368
Transform:
  m_ObjectHideFlags: 1
  m_PrefabParentObject: {fileID: 0}
  m_PrefabInternal: {fileID: 100100000}
  m_GameObject: {fileID: 1053531941673928}
  m_LocalRotation: {x: -0.05530743, y: 0.0015107251, z: 0.104534246, w: 0.9929811}
  m_LocalPosition: {x: -0.06962677, y: -0.006484909, z: -0.02116712}
  m_LocalScale: {x: 0.9999998, y: 1.0000002, z: 1}
  m_Children:
  - {fileID: 4847542813738756}
  m_Father: {fileID: 4324520400603534}
  m_RootOrder: 3
  m_LocalEulerAnglesHint: {x: 0, y: 0, z: 0}
--- !u!4 &4931217569339578
Transform:
  m_ObjectHideFlags: 1
  m_PrefabParentObject: {fileID: 0}
  m_PrefabInternal: {fileID: 100100000}
  m_GameObject: {fileID: 1436397885851894}
  m_LocalRotation: {x: 0.055307753, y: -0.0015105105, z: 0.104534276, w: 0.9929811}
  m_LocalPosition: {x: -0.069626786, y: -0.006484947, z: 0.021167144}
  m_LocalScale: {x: 1.0000001, y: 0.9999999, z: 1}
  m_Children:
  - {fileID: 4894850042623640}
  m_Father: {fileID: 4245308938661480}
  m_RootOrder: 3
  m_LocalEulerAnglesHint: {x: 0, y: 0, z: 0}
--- !u!4 &4938252103439236
Transform:
  m_ObjectHideFlags: 1
  m_PrefabParentObject: {fileID: 0}
  m_PrefabInternal: {fileID: 100100000}
  m_GameObject: {fileID: 1441982276477598}
  m_LocalRotation: {x: 0.00018888929, y: -0.0006041813, z: 0.099320404, w: 0.9950553}
  m_LocalPosition: {x: -0.08679619, y: 0, z: -7.4505804e-11}
  m_LocalScale: {x: 0.99999994, y: 1, z: 1}
  m_Children: []
  m_Father: {fileID: 4122961034600640}
  m_RootOrder: 0
  m_LocalEulerAnglesHint: {x: 0, y: 0, z: 0}
--- !u!4 &4947524889246720
Transform:
  m_ObjectHideFlags: 1
  m_PrefabParentObject: {fileID: 0}
  m_PrefabInternal: {fileID: 100100000}
  m_GameObject: {fileID: 1419635328186166}
  m_LocalRotation: {x: 0, y: 0, z: 0, w: 1}
  m_LocalPosition: {x: 0, y: 9, z: 0}
  m_LocalScale: {x: 1, y: 1, z: 1}
  m_Children: []
  m_Father: {fileID: 4360962115219916}
  m_RootOrder: 1
  m_LocalEulerAnglesHint: {x: 0, y: 0, z: 0}
--- !u!4 &4948079500550672
Transform:
  m_ObjectHideFlags: 1
  m_PrefabParentObject: {fileID: 0}
  m_PrefabInternal: {fileID: 100100000}
  m_GameObject: {fileID: 1529599693610984}
  m_LocalRotation: {x: 0.0023446134, y: -0.006519284, z: 0.101010054, w: 0.9948613}
  m_LocalPosition: {x: -0.06919817, y: -0.0046246336, z: 0.000000019073486}
  m_LocalScale: {x: 0.9999999, y: 1.0000002, z: 1.0000001}
  m_Children:
  - {fileID: 4548834781947086}
  m_Father: {fileID: 4324520400603534}
  m_RootOrder: 2
  m_LocalEulerAnglesHint: {x: 0, y: 0, z: 0}
--- !u!4 &4958304980763870
Transform:
  m_ObjectHideFlags: 1
  m_PrefabParentObject: {fileID: 0}
  m_PrefabInternal: {fileID: 100100000}
  m_GameObject: {fileID: 1244703511513024}
  m_LocalRotation: {x: -0.009489088, y: 0.011592946, z: 0.073023275, w: 0.9972177}
  m_LocalPosition: {x: -0.018204842, y: 0, z: 0.0000000023841857}
  m_LocalScale: {x: 0.99999976, y: 1.0000001, z: 1.0000004}
  m_Children: []
  m_Father: {fileID: 4847542813738756}
  m_RootOrder: 0
  m_LocalEulerAnglesHint: {x: 0, y: 0, z: 0}
--- !u!23 &23151446590354990
MeshRenderer:
  m_ObjectHideFlags: 1
  m_PrefabParentObject: {fileID: 0}
  m_PrefabInternal: {fileID: 100100000}
  m_GameObject: {fileID: 1703919610249466}
  m_Enabled: 1
  m_CastShadows: 1
  m_ReceiveShadows: 1
  m_DynamicOccludee: 1
  m_MotionVectors: 1
  m_LightProbeUsage: 1
  m_ReflectionProbeUsage: 1
  m_Materials:
  - {fileID: 2100000, guid: 6151f8e91145d3245b1d52dd3fe0effe, type: 2}
  - {fileID: 2100000, guid: 084f6f0629adada459fb2631a177c187, type: 2}
  m_StaticBatchInfo:
    firstSubMesh: 0
    subMeshCount: 0
  m_StaticBatchRoot: {fileID: 0}
  m_ProbeAnchor: {fileID: 0}
  m_LightProbeVolumeOverride: {fileID: 0}
  m_ScaleInLightmap: 1
  m_PreserveUVs: 0
  m_IgnoreNormalsForChartDetection: 0
  m_ImportantGI: 0
  m_StitchLightmapSeams: 0
  m_SelectedEditorRenderState: 3
  m_MinimumChartSize: 4
  m_AutoUVMaxDistance: 0.5
  m_AutoUVMaxAngle: 89
  m_LightmapParameters: {fileID: 0}
  m_SortingLayerID: 0
  m_SortingLayer: 0
  m_SortingOrder: 0
--- !u!33 &33717688588844890
MeshFilter:
  m_ObjectHideFlags: 1
  m_PrefabParentObject: {fileID: 0}
  m_PrefabInternal: {fileID: 100100000}
  m_GameObject: {fileID: 1703919610249466}
  m_Mesh: {fileID: 4300002, guid: 3df4a97e2085cda49bd0c36cc3f6e475, type: 3}
--- !u!95 &95740435939128192
Animator:
  serializedVersion: 3
  m_ObjectHideFlags: 1
  m_PrefabParentObject: {fileID: 0}
  m_PrefabInternal: {fileID: 100100000}
  m_GameObject: {fileID: 1386717954804008}
  m_Enabled: 1
  m_Avatar: {fileID: 9000000, guid: b6c33e1d6632025468fb37a04e312606, type: 3}
  m_Controller: {fileID: 9100000, guid: 41b3ace3f9ad474438e9f027f635f221, type: 2}
  m_CullingMode: 0
  m_UpdateMode: 0
  m_ApplyRootMotion: 0
  m_LinearVelocityBlending: 0
  m_WarningMessage: 
  m_HasTransformHierarchy: 1
  m_AllowConstantClipSamplingOptimization: 1
--- !u!114 &114024860189328084
MonoBehaviour:
  m_ObjectHideFlags: 1
  m_PrefabParentObject: {fileID: 0}
  m_PrefabInternal: {fileID: 100100000}
  m_GameObject: {fileID: 1322852545479516}
  m_Enabled: 1
  m_EditorHideFlags: 0
  m_Script: {fileID: 11500000, guid: 14778d66841ab4548a45661a128d1126, type: 3}
  m_Name: 
  m_EditorClassIdentifier: 
  StartPosition: {fileID: 4011711527931108}
  EndPosition: {fileID: 4947524889246720}
--- !u!114 &114136655627131326
MonoBehaviour:
  m_ObjectHideFlags: 1
  m_PrefabParentObject: {fileID: 0}
  m_PrefabInternal: {fileID: 100100000}
  m_GameObject: {fileID: 1845988148501132}
  m_Enabled: 1
  m_EditorHideFlags: 0
  m_Script: {fileID: 11500000, guid: 14778d66841ab4548a45661a128d1126, type: 3}
  m_Name: 
  m_EditorClassIdentifier: 
  StartPosition: {fileID: 4344067350128906}
  EndPosition: {fileID: 4366333844855530}
--- !u!114 &114518584879651032
MonoBehaviour:
  m_ObjectHideFlags: 1
  m_PrefabParentObject: {fileID: 0}
  m_PrefabInternal: {fileID: 100100000}
  m_GameObject: {fileID: 1287528372570142}
  m_Enabled: 1
  m_EditorHideFlags: 0
  m_Script: {fileID: 11500000, guid: aa4f4dac58b3b454bb7f5981e666a4e7, type: 3}
  m_Name: 
  m_EditorClassIdentifier: 
  ProjectilePrefab: {fileID: 1522894407106576, guid: 88780345d57e05d419ca931314cde99d,
    type: 2}
  ShootMuzzle: {fileID: 4034966490831072}
--- !u!120 &120087677063218326
LineRenderer:
  m_ObjectHideFlags: 1
  m_PrefabParentObject: {fileID: 0}
  m_PrefabInternal: {fileID: 100100000}
  m_GameObject: {fileID: 1322852545479516}
  m_Enabled: 1
  m_CastShadows: 0
  m_ReceiveShadows: 0
  m_DynamicOccludee: 1
  m_MotionVectors: 0
  m_LightProbeUsage: 0
  m_ReflectionProbeUsage: 0
  m_Materials:
  - {fileID: 2100000, guid: 719b9e3428f05e2469201d825cf846bf, type: 2}
  - {fileID: 2100000, guid: d7def44b57accce4cb3f40bd3ff8323f, type: 2}
  m_StaticBatchInfo:
    firstSubMesh: 0
    subMeshCount: 0
  m_StaticBatchRoot: {fileID: 0}
  m_ProbeAnchor: {fileID: 0}
  m_LightProbeVolumeOverride: {fileID: 0}
  m_ScaleInLightmap: 1
  m_PreserveUVs: 0
  m_IgnoreNormalsForChartDetection: 0
  m_ImportantGI: 0
  m_StitchLightmapSeams: 0
  m_SelectedEditorRenderState: 3
  m_MinimumChartSize: 4
  m_AutoUVMaxDistance: 0.5
  m_AutoUVMaxAngle: 89
  m_LightmapParameters: {fileID: 0}
  m_SortingLayerID: 0
  m_SortingLayer: 0
  m_SortingOrder: 0
  m_Positions:
  - {x: 0, y: 0, z: 0}
  - {x: 0, y: 0, z: 0}
  m_Parameters:
    serializedVersion: 2
    widthMultiplier: 0.01
    widthCurve:
      serializedVersion: 2
      m_Curve:
      - serializedVersion: 2
        time: 0
        value: 1
        inSlope: 0
        outSlope: 0
        tangentMode: 0
      m_PreInfinity: 2
      m_PostInfinity: 2
      m_RotationOrder: 4
    colorGradient:
      serializedVersion: 2
      key0: {r: 1, g: 1, b: 1, a: 1}
      key1: {r: 1, g: 1, b: 1, a: 1}
      key2: {r: 1, g: 1, b: 1, a: 1}
      key3: {r: 0, g: 0, b: 0, a: 1}
      key4: {r: 0, g: 0, b: 0, a: 0}
      key5: {r: 0, g: 0, b: 0, a: 0}
      key6: {r: 0, g: 0, b: 0, a: 0}
      key7: {r: 0, g: 0, b: 0, a: 0}
      ctime0: 0
      ctime1: 31804
      ctime2: 65535
      ctime3: 0
      ctime4: 0
      ctime5: 0
      ctime6: 0
      ctime7: 0
      atime0: 193
      atime1: 33539
      atime2: 65535
      atime3: 65535
      atime4: 0
      atime5: 0
      atime6: 0
      atime7: 0
      m_Mode: 0
      m_NumColorKeys: 3
      m_NumAlphaKeys: 3
    numCornerVertices: 0
    numCapVertices: 0
    alignment: 0
    textureMode: 0
    generateLightingData: 0
  m_UseWorldSpace: 1
  m_Loop: 0
--- !u!120 &120691053945909078
LineRenderer:
  m_ObjectHideFlags: 1
  m_PrefabParentObject: {fileID: 0}
  m_PrefabInternal: {fileID: 100100000}
  m_GameObject: {fileID: 1845988148501132}
  m_Enabled: 1
  m_CastShadows: 0
  m_ReceiveShadows: 0
  m_DynamicOccludee: 1
  m_MotionVectors: 0
  m_LightProbeUsage: 0
  m_ReflectionProbeUsage: 0
  m_Materials:
  - {fileID: 2100000, guid: 719b9e3428f05e2469201d825cf846bf, type: 2}
  - {fileID: 2100000, guid: d7def44b57accce4cb3f40bd3ff8323f, type: 2}
  m_StaticBatchInfo:
    firstSubMesh: 0
    subMeshCount: 0
  m_StaticBatchRoot: {fileID: 0}
  m_ProbeAnchor: {fileID: 0}
  m_LightProbeVolumeOverride: {fileID: 0}
  m_ScaleInLightmap: 1
  m_PreserveUVs: 0
  m_IgnoreNormalsForChartDetection: 0
  m_ImportantGI: 0
  m_StitchLightmapSeams: 0
  m_SelectedEditorRenderState: 3
  m_MinimumChartSize: 4
  m_AutoUVMaxDistance: 0.5
  m_AutoUVMaxAngle: 89
  m_LightmapParameters: {fileID: 0}
  m_SortingLayerID: 0
  m_SortingLayer: 0
  m_SortingOrder: 0
  m_Positions:
  - {x: 0, y: 0, z: 0}
  - {x: 0, y: 0, z: 0}
  m_Parameters:
    serializedVersion: 2
    widthMultiplier: 0.1
    widthCurve:
      serializedVersion: 2
      m_Curve:
      - serializedVersion: 2
        time: 0
        value: 1
        inSlope: 0
        outSlope: 0
        tangentMode: 0
      m_PreInfinity: 2
      m_PostInfinity: 2
      m_RotationOrder: 4
    colorGradient:
      serializedVersion: 2
      key0: {r: 1, g: 0, b: 0, a: 1}
      key1: {r: 1, g: 0, b: 0, a: 1}
      key2: {r: 1, g: 0, b: 0, a: 0.6431373}
      key3: {r: 0, g: 0, b: 0, a: 0}
      key4: {r: 0, g: 0, b: 0, a: 0}
      key5: {r: 0, g: 0, b: 0, a: 0}
      key6: {r: 0, g: 0, b: 0, a: 0}
      key7: {r: 0, g: 0, b: 0, a: 0}
      ctime0: 0
      ctime1: 33153
      ctime2: 65535
      ctime3: 0
      ctime4: 0
      ctime5: 0
      ctime6: 0
      ctime7: 0
      atime0: 0
      atime1: 33539
      atime2: 65535
      atime3: 0
      atime4: 0
      atime5: 0
      atime6: 0
      atime7: 0
      m_Mode: 0
      m_NumColorKeys: 3
      m_NumAlphaKeys: 3
    numCornerVertices: 0
    numCapVertices: 0
    alignment: 0
    textureMode: 0
    generateLightingData: 0
  m_UseWorldSpace: 1
  m_Loop: 0
--- !u!136 &136719899363494198
CapsuleCollider:
  m_ObjectHideFlags: 1
  m_PrefabParentObject: {fileID: 0}
  m_PrefabInternal: {fileID: 100100000}
  m_GameObject: {fileID: 1287528372570142}
  m_Material: {fileID: 0}
  m_IsTrigger: 0
  m_Enabled: 1
  m_Radius: 0.5
  m_Height: 2.5
  m_Direction: 1
  m_Center: {x: 0, y: 0, z: 0}
--- !u!137 &137092185469243460
SkinnedMeshRenderer:
  m_ObjectHideFlags: 1
  m_PrefabParentObject: {fileID: 0}
  m_PrefabInternal: {fileID: 100100000}
  m_GameObject: {fileID: 1526671862562606}
  m_Enabled: 1
  m_CastShadows: 1
  m_ReceiveShadows: 1
  m_DynamicOccludee: 1
  m_MotionVectors: 1
  m_LightProbeUsage: 0
  m_ReflectionProbeUsage: 1
  m_Materials:
  - {fileID: 2100000, guid: aa3880090ac3ffd46aa9d5775c9615aa, type: 2}
  m_StaticBatchInfo:
    firstSubMesh: 0
    subMeshCount: 0
  m_StaticBatchRoot: {fileID: 0}
  m_ProbeAnchor: {fileID: 0}
  m_LightProbeVolumeOverride: {fileID: 0}
  m_ScaleInLightmap: 1
  m_PreserveUVs: 0
  m_IgnoreNormalsForChartDetection: 0
  m_ImportantGI: 0
  m_StitchLightmapSeams: 0
  m_SelectedEditorRenderState: 3
  m_MinimumChartSize: 4
  m_AutoUVMaxDistance: 0.5
  m_AutoUVMaxAngle: 89
  m_LightmapParameters: {fileID: 0}
  m_SortingLayerID: 0
  m_SortingLayer: 0
  m_SortingOrder: 0
  serializedVersion: 2
  m_Quality: 0
  m_UpdateWhenOffscreen: 0
  m_SkinnedMotionVectors: 1
  m_Mesh: {fileID: 4300000, guid: a55b75e1bbafd1241b488997bb65464c, type: 3}
  m_Bones:
  - {fileID: 4493744930272786}
  - {fileID: 4089379702084812}
  - {fileID: 4753616648012912}
  - {fileID: 4739189061696376}
  - {fileID: 4022802666970076}
  - {fileID: 4122961034600640}
  - {fileID: 4255669408904560}
  - {fileID: 4938252103439236}
  - {fileID: 4423979548681440}
  - {fileID: 4046774858025350}
  - {fileID: 4458153078855494}
  - {fileID: 4272956962201178}
  - {fileID: 4245308938661480}
  - {fileID: 4554863684167774}
  - {fileID: 4931217569339578}
  - {fileID: 4894850042623640}
  - {fileID: 4793584752509878}
  - {fileID: 4145672547493306}
  - {fileID: 4774347552908604}
  - {fileID: 4688430488026922}
  - {fileID: 4265046128278676}
  - {fileID: 4465780891032010}
  - {fileID: 4926811476500650}
  - {fileID: 4685837509989736}
  - {fileID: 4882314291736422}
  - {fileID: 4303300623951754}
  - {fileID: 4638270927465134}
  - {fileID: 4458889082254498}
  - {fileID: 4695339621372402}
  - {fileID: 4386257852433672}
  - {fileID: 4442061733966918}
  - {fileID: 4324520400603534}
  - {fileID: 4958304980763870}
  - {fileID: 4928916948865368}
  - {fileID: 4847542813738756}
  - {fileID: 4341296697882856}
  - {fileID: 4430476202442202}
  - {fileID: 4501886366476490}
  - {fileID: 4751247803983884}
  - {fileID: 4285943187531280}
  - {fileID: 4526881119623186}
  - {fileID: 4858502084158152}
  - {fileID: 4948079500550672}
  - {fileID: 4548834781947086}
  - {fileID: 4631230422111550}
  - {fileID: 4615582399496942}
  m_BlendShapeWeights: []
  m_RootBone: {fileID: 4493744930272786}
  m_AABB:
    m_Center: {x: 0.051279515, y: -0.010891005, z: 0.00000020861626}
    m_Extent: {x: 0.46885136, y: 0.09929618, z: 0.27795073}
  m_DirtyAABB: 0
